
@inproceedings{DBLP:conf/pg/MertensKR07,
  author    = {Tom Mertens and
               Jan Kautz and
               Frank Van Reeth},
  title     = {Exposure Fusion},
  booktitle = {Pacific Conference on Computer Graphics and Applications},
  year      = {2007},
  pages     = {382-390},
  ee        = {http://doi.ieeecomputersociety.org/10.1109/PG.2007.17},
  crossref  = {DBLP:conf/pg/2007},
  bibsource = {DBLP, http://dblp.uni-trier.de}
}

@proceedings{DBLP:conf/pg/2007,
  editor    = {Marc Alexa and
               Steven J. Gortler and
               Tao Ju},
  title     = {Proceedings of the Pacific Conference on Computer Graphics
               and Applications, Pacific Graphics 2007, Maui, Hawaii, USA,
               October 29 - November 2, 2007},
  booktitle = {Pacific Conference on Computer Graphics and Applications},
  publisher = {IEEE Computer Society},
  year      = {2007},
  isbn      = {978-0-7695-3009-3},
  bibsource = {DBLP, http://dblp.uni-trier.de}
}
